%%%%%%%%%%%%%%%%%%%%%%%%%%%%%%%%%%%%%%%%%%%%%
@string{iros = {Proc. IEEE/RSJ Int. Conf. Intell. Robots Syst.}}
@string{icra = {Proc. IEEE Int. Conf. Robot. Automat.}}
@string{pami = {IEEE Trans. Pattern Anal. Machine Intell.}}
@string{tro = {IEEE Trans. Robot.}}
@string{nc = {Neural Computation}}
@string{tinfth = {IEEE Trans. Information Theory}}
@string{ijrr = {The Int. J. Robot. Res.}}
@string{ras = {Robot. Auton. Syst.}}
@string{ar = {Auton. Robot}}
@string{rss = {Robotics: Science and Systems}}
@string{ram = {IEEE Robot. Automat. Mag.}}
@string{acra = {Australasian Conf. Robot. Automat.}}
@string{iccv = {Proc. IEEE Int. Conf. Computer Vision}}
@string{cvpr = {Proc. IEEE Int. Conf. Computer Vision and Pattern Recog.}}
@string{rss = {Robotics: Science and Systems}}
%%%%%%%%%%%%%%%%%%%%%%%%%%%%%%%%%%%%%%%%%%%%%

@article{tipping2001sparse,
  title={Sparse {Bayesian} learning and the relevance vector machine},
  author={Tipping, Michael E},
  journal={J. machine learning res.},
  volume={1},
  number={Jun},
  pages={211--244},
  year={2001}
}

@book{scholkopf2002learning,
  title={Learning with kernels: support vector machines, regularization, optimization, and beyond},
  author={Sch{\"o}lkopf, Bernhard and Smola, Alexander J},
  year={2002},
  publisher={MIT press}
}

@ARTICLE{barfoot2014tro,
author={T. D. Barfoot and P. T. Furgale},
journal=tro,
title={Associating Uncertainty With Three-Dimensional Poses for Use in Estimation Problems},
year={2014},
volume={30},
number={3},
pages={679-693}
}

@book{absil2009optimization,
  Title = {Optimization algorithms on matrix manifolds},
  Author = {Absil, P-A and Mahony, Robert and Sepulchre, Rodolphe},
  Publisher = {Princeton University Press},
  Year = {2009}
}

@book{barfoot2017state,
  title = {State Estimation for Robotics},
  author = {Barfoot, Timothy D},
  year = {2017},
  publisher = {Cambridge University Press}
}

@book{chirikjian2011stochastic,
  title={Stochastic Models, Information Theory, and Lie Groups, Volume 2: Analytic Methods and Modern Applications},
  author={Chirikjian, Gregory S},
  year={2011},
  publisher={Springer Science \& Business Media}
}

@book{murray1994mathematical,
  title={A mathematical introduction to robotic manipulation},
  author={Murray, Richard M and Li, Zexiang and Sastry, S Shankar and Sastry, S Shankara},
  year={1994},
  publisher={CRC press}
}

@inproceedings{Geiger2012CVPR,
  author = {Andreas Geiger and Philip Lenz and Raquel Urtasun},
  title = {Are we ready for Autonomous Driving? The {KITTI} Vision Benchmark Suite},
  booktitle = cvpr,
  year = {2012}
} 

@inproceedings{scholkopf2001generalized,
  title={A generalized representer theorem},
  author={Sch{\"o}lkopf, Bernhard and Herbrich, Ralf and Smola, Alex},
  booktitle={Computational learning theory},
  pages={416--426},
  year={2001},
  organization={Springer}
}

@book{berlinet2004reproducing,
  title={Reproducing kernel {Hilbert} spaces in probability and statistics},
  author={Berlinet, Alain and Thomas-Agnan, Christine},
  year={2004},
  publisher={Kluwer Academic}
}

@article{wolcott2017robust,
  title={Robust {LIDAR} localization using multiresolution {Gaussian} mixture maps for autonomous driving},
  author={Wolcott, Ryan W and Eustice, Ryan M},
  journal=ijrr,
  volume={36},
  number={3},
  pages={292--319},
  year={2017}
}

@article{kendall2015bayesian,
  title={Bayesian {SegNet}: Model Uncertainty in Deep Convolutional Encoder-Decoder Architectures for Scene Understanding},
  author={Kendall, Alex and Badrinarayanan, Vijay and and Cipolla, Roberto},
  journal={arXiv preprint arXiv:1511.02680},
  year={2015}
}

@ARTICLE{2017arXiv170201105A,
   author = {{Armeni}, I. and {Sax}, A. and {Zamir}, A.~R. and {Savarese}, S.
	},
    title = "{Joint {2D-3D-Semantic} Data for Indoor Scene Understanding}",
  journal = {ArXiv e-prints},
archivePrefix = "arXiv",
 eprint = {1702.01105},
 primaryClass = "cs.CV",
 year = {2017}
}

@article{badrinarayanan2015segnet,
  title={{SegNet}: A deep convolutional encoder-decoder architecture for image segmentation},
  author={Badrinarayanan, Vijay and Kendall, Alex and Cipolla, Roberto},
  journal={arXiv preprint arXiv:1511.00561},
  year={2015}
}

@article{brostow2008segmentation,
  title={Segmentation and recognition using structure from motion point clouds},
  author={Brostow, Gabriel and Shotton, Jamie and Fauqueur, Julien and Cipolla, Roberto},
  journal={Computer Vision--ECCV 2008},
  pages={44--57},
  year={2008},
  publisher={Springer}
}
@inproceedings{noh2015learning,
  title={Learning deconvolution network for semantic segmentation},
  author={Noh, Hyeonwoo and Hong, Seunghoon and Han, Bohyung},
  booktitle={Proceedings of the IEEE Int. Conf. on Computer Vision},
  pages={1520--1528},
  year={2015}
}
@article{chen2016deeplab,
  title={Deeplab: Semantic image segmentation with deep convolutional nets, atrous convolution, and fully connected {CRFs}},
  author={Chen, Liang-Chieh and Papandreou, George and Kokkinos, Iasonas and Murphy, Kevin and Yuille, Alan L},
  journal={arXiv preprint arXiv:1606.00915},
  year={2016}
}

@inproceedings{long2015fully,
  title={Fully convolutional networks for semantic segmentation},
  author={Long, Jonathan and Shelhamer, Evan and Darrell, Trevor},
  booktitle={Proceedings of the IEEE Conf. on Computer Vision and Pattern Recognition},
  pages={3431--3440},
  year={2015}
}

@inproceedings{shotton2008semantic,
  title={Semantic texton forests for image categorization and segmentation},
  author={Shotton, Jamie and Johnson, Matthew and Cipolla, Roberto},
  booktitle={IEEE Conf. on Computer vision and pattern recognition},
  pages={1--8},
  year={2008},
  organization={IEEE}
}

@ARTICLE{Dijkstra1959,
  author = {E.W. Dijkstra},
  title = {A Note on Two Problems in Connexion with Graphs},
  journal = {Numerische Mathematik},
  year = {1959},
  volume = {1},
  pages = {269-271}
}

@inproceedings{yamauchi1997frontier,
  title={A frontier-based approach for autonomous exploration},
  author={Yamauchi, B.},
  booktitle={Int. Sym. Comput. Intell. Robot. Automat.},
  pages={146--151},
  year={1997},
}

@inproceedings{yamauchi1998frontier,
  title={Frontier-based exploration using multiple robots},
  author={Yamauchi, B.},
  booktitle={Int. Conf. Autonomous Agents},
  pages={47--53},
  year={1998},
}

@article{julia2012comparison,
  title={A comparison of path planning strategies for autonomous exploration and mapping of unknown environments},
  author={Juli{\'a}, Miguel and Gil, Arturo and Reinoso, Oscar},
  journal=ar,
  volume={33},
  number={4},
  pages={427--444},
  year={2012},
  publisher={Springer}
}

@article{julia2010hybrid,
  title={A hybrid solution to the multi-robot integrated exploration problem},
  author={Juli{\'a}, M. and Reinoso, {\'O}. and Gil, A. and Ballesta, M. and Pay{\'a}, L.},
  journal={Eng. Appl. Artif. Intell.},
  volume={23},
  number={4},
  pages={473--486},
  year={2010},
}

@article{gonzalez2002navigation,
  title={Navigation strategies for exploring indoor environments},
  author={Gonz{\'a}lez-Banos, H.H. and Latombe, J.C.},
  journal=ijrr,
  volume={21},
  number={10-11},
  pages={829--848},
  year={2002},
}

@inproceedings{burgard2000collaborative,
  title={Collaborative multi-robot exploration},
  author={Burgard, W. and Moors, M. and Fox, D. and Simmons, R. and Thrun, S.},
  booktitle=icra,
  volume={1},
  pages={476--481},
  year={2000},
}

@inproceedings{lau2003behavioural,
  title={Behavioural approach for multi-robot exploration},
  author={Lau, H.},
  booktitle=acra,
  year={2003},
}

@inproceedings{makarenko2002experiment,
  title={An experiment in integrated exploration},
  author={Makarenko, A.A. and Williams, S.B. and Bourgault, F. and Durrant-Whyte, H.F.},
  booktitle=iros,
  volume={1},
  pages={534--539},
  year={2002},
}

@inproceedings{zlot2002multi,
  title={Multi-robot exploration controlled by a market economy},
  author={Zlot, R. and Stentz, A. and Dias, M.B. and Thayer, S.},
  booktitle=icra,
  volume={3},
  pages={3016--3023},
  year={2002},
}

@article{t2012gaussian,
  title={{Gaussian} process occupancy maps},
  author={T O'Callaghan, S. and Ramos, F.T.},
  journal=ijrr,
  volume={31},
  number={1},
  pages={42--62},
  year={2012},
}

@inproceedings{shade2011choosing,
  title={Choosing where to go: Complete {3D} exploration with stereo},
  author={Shade, R. and Newman, P.},
  booktitle=icra,
  pages={2806--2811},
  year={2011},
}

@article{prestes2002exploration,
  title={Exploration method using harmonic functions},
  author={Prestes e Silva, E. and Engel, P.M. and Trevisan, M. and Idiart, M.A.P.},
  journal=ras,
  volume={40},
  number={1},
  pages={25--42},
  year={2002},
}

@article{shen2012stochastic,
  title={Stochastic differential equation-based exploration algorithm for autonomous indoor 3D exploration with a micro-aerial vehicle},
  author={Shen, S. and Michael, N. and Kumar, V.},
  journal=ijrr,
  volume={31},
  number={12},
  pages={1431--1444},
  year={2012},
}

@book{stocker2011introduction,
  title={Introduction to climate modelling},
  author={Stocker, T.},
  year={2011},
  publisher={Springer}
}

@article{ila2010information,
  title={Information-based compact {Pose SLAM}},
  author={Ila, V. and Porta, J.M. and Andrade-Cetto, J.},
  journal=tro,
  volume={26},
  number={1},
  pages={78--93},
  year={2010},
}

@inproceedings{valencia2011path,
  title={Path planning in belief space with {Pose SLAM}},
  author={Valencia, R. and Andrade-Cetto, J. and Porta, J.M.},
  booktitle=icra,
  pages={78--83},
  year={2011},
}

@inproceedings{valencia2012active,
  title={Active {Pose SLAM}},
  author={Valencia, R. and Valls Miro, J. and Dissanayake, G. and Andrade-Cetto, J.},
  booktitle=iros,
  pages={1885--1891},
  year={2012},
}

@INPROCEEDINGS{587412,
  author={Schmidt, G.K. and Azarm, K.},
  booktitle=iros,
title={Mobile Robot Navigation In A Dynamic World Using An Unsteady Diffusion
Equation Strategy},
  year={1992},
  month={jul},
  volume={1},
  number={},
  pages={642 -647},
}

@inproceedings{hui2011thermo,
  title={Thermo-inspired modeling and analysis of network information flows},
  author={Hui, Q.},
  booktitle={Proc. American Control Conf.},
  pages={3565--3570},
  year={2011},
}

@book{rasmussen2006gaussian,
  title={{G}aussian processes for machine learning},
  author={Rasmussen, C.E. and Williams, C.K.I.},
  volume={1},
  year={2006},
  publisher={{MIT} press}
}

@inproceedings{gan20093d,
  title={{3D} Online Path Planning in a Continuous {G}aussian Process Occupancy
Map},
  author={Gan, S.K. and Yang, K.J. and Sukkarieh, S.},
  booktitle={Proc. Australian Conf. Field Robotics},
  year={2009}
}

@inproceedings{kim2012building,
  title={Building occupancy maps with a mixture of {Gaussian} processes},
  author={Kim, Soohwan and Kim, Jonghyuk},
  booktitle=icra,
  pages={4756--4761},
  year={2012},
  organization={IEEE}
}

@article{lin1991divergence,
  title={Divergence measures based on the {S}hannon entropy},
  author={Lin, J.},
  journal=tinfth,
  volume={37},
  number={1},
  pages={145--151},
  year={1991},
}

@article{besl1992method,
  title={A method for registration of 3-D shapes},
  author={Besl, P.J. and McKay, N.D.},
  journal=pami,
  volume={14},
  number={2},
  pages={239--256},
  year={1992}
}

@book{thrun2005probabilistic,
  title={Probabilistic robotics},
  author={Thrun, S. and Burgard, W. and Fox, D.},
  volume={1},
  year={2005},
  publisher={{MIT} press}
}

@article{tresp2000bayesian,
  title={A {B}ayesian committee machine},
  author={Tresp, V.},
  journal=nc,
  volume={12},
  number={11},
  pages={2719--2741},
  year={2000},
}

@book{stein1999interpolation,
  title={Interpolation of spatial data: {s}ome theory for kriging},
  author={Stein, M.L.},
  year={1999},
  publisher={Springer Verlag}
}

@article{kavraki1996prm,
author = {L. Kavraki and P. Svestkaand and J. C. Latombe and M.
Overmars},
title = {Probabilistic roadmaps for path planning in high dimensional
configuration spaces},
journal = tro,
volume = 12, 
nomber = 4, 
pages = {566-580},
year = 1996,
}


@misc{Radish_data_set,
  author = {A. Howard and N. Roy},
  title = {The Robotics Data Set Repository ({R}adish)},
  url = {http://radish.sourceforge.net},
  year = {2003}
}

@article{valencia2013planning,
  title={Planning reliable paths with {Pose SLAM}},
  author={Valencia, Rafael and Morta, Marti and Andrade-Cetto, Juan and Porta, Josep M},
  journal=tro,
  volume={29},
  number={4},
  pages={1050--1059},
  year={2013},
  publisher={IEEE}
}

@inproceedings{Vallve2013potential,
  title={Mobile robot exploration with potential information fields},
  author={Vallv{\'e}, Joan and Andrade-Cetto, Juan},
  booktitle= {6th European Conf. on Mobile Robots},
  year={2013},
}

@book{murphy2012machine,
  title={Machine learning: a probabilistic perspective},
  author={Murphy, Kevin P},
  year={2012},
  publisher={The MIT Press}
}

@inproceedings{moravec1985high,
  title={High resolution maps from wide angle sonar},
  author={Moravec, Hans P and Elfes, Alberto},
  booktitle=icra,
  volume={2},
  pages={116--121},
  year={1985},
  organization={IEEE}
}

@article{elfes1987sonar,
  title={Sonar-based real-world mapping and navigation},
  author={Elfes, Alberto},
  journal={Robotics and Automation, IEEE Journal of},
  volume={3},
  number={3},
  pages={249--265},
  year={1987},
  publisher={IEEE}
}

@book{cover2012elements,
  title={Elements of information theory},
  author={Cover, Thomas M and Thomas, Joy A},
  year={1991},
  publisher={John Wiley \& Sons}
}

@article{thrun2003learning,
  title={Learning occupancy grid maps with forward sensor models},
  author={Thrun, Sebastian},
  journal={Autonomous robots},
  volume={15},
  number={2},
  pages={111--127},
  year={2003},
  publisher={Springer}
}

@inproceedings{sim2006autonomous,
  title={Autonomous vision-based exploration and mapping using hybrid maps and Rao-Blackwellised particle filters},
  author={Sim, Robert and Little, James J},
  booktitle=iros,
  pages={2082--2089},
  year={2006},
  organization={IEEE}
}

@inproceedings{stachniss2005information,
  title={Information Gain-based Exploration Using Rao-Blackwellized Particle Filters.},
  author={Stachniss, Cyrill and Grisetti, Giorgio and Burgard, Wolfram},
  booktitle={Robotics: Science and Systems},
  volume={2},
  year={2005}
}

@article{charrow2013cooperative,
  author = {Charrow, Benjamin and Michael, Nathan and Kumar, Vijay}, 
  title = {Cooperative multi-robot estimation and control for radio source localization},
  journal=ijrr,
  volume = {33}, 
  number = {4}, 
  pages = {569-580}, 
  year = {2014}, 
  publisher={SAGE Publications}
}

@inproceedings{julian2013mutual,
  title={On mutual information-based control of range sensing robots for mapping applications},
  author={Julian, Brian J and Karaman, Sertac and Rus, Daniela},
  booktitle=iros,
  pages={5156--5163},
  year={2013},
  organization={IEEE}
}

@inproceedings{maani2014com,
  title={Exploration on Continuous {Gaussian} Process Frontier Maps},
  author={Ghaffari Jadidi, Maani and Miro, Jaime Valls and Valencia, Rafael and Andrade-Cetto, Juan},
  booktitle=icra,
  pages={6077--6082},
  year={2014}
}
  
  @inproceedings{kim2013continuous,
  title={Continuous occupancy maps using overlapping local {Gaussian} processes},
  author={Kim, Soohwan and Kim, Jonghyuk},
  booktitle=iros,
  pages={4709--4714},
  year={2013},
  organization={IEEE}
}

@article{Julian01092014,
author = {Julian, Brian J. and Karaman, Sertac and Rus, Daniela}, 
title = {On mutual information-based control of range sensing robots for mapping applications},
volume = {33}, 
number = {10}, 
pages = {1375-1392}, 
year = {2014}, 
journal = ijrr
}

@article{dissanayake2001solution,
  title={A solution to the simultaneous localization and map building {(SLAM)} problem},
  author={Dissanayake, MWM Gamini and Newman, Paul and Clark, Steve and Durrant-Whyte, Hugh F and Csorba, Michael},
  journal={Robotics and Automation, IEEE Transactions on},
  volume={17},
  number={3},
  pages={229--241},
  year={2001},
  publisher={IEEE}
}

@article{feder1999adaptive,
  title={Adaptive mobile robot navigation and mapping},
  author={Feder, Hans Jacob S and Leonard, John J and Smith, Christopher M},
  journal=ijrr,
  volume={18},
  number={7},
  pages={650--668},
  year={1999},
  publisher={SAGE Publications}
}

@article{smith1990estimating,
  title={Estimating uncertain spatial relationships in robotics},
  author={Smith, Randall and Self, Matthew and Cheeseman, Peter},
  journal={Auton. robot vehicles},
  pages={167--193},
  year={1990},
  publisher={Springer New York}
}

@inproceedings{bourgault2002information,
  title={Information based adaptive robotic exploration},
  author={Bourgault, Frederic and Makarenko, Alexei A and Williams, Stefan B and Grocholsky, Ben and Durrant-Whyte, Hugh F},
  booktitle=iros,
  volume={1},
  pages={540--545},
  year={2002},
  organization={IEEE}
}

@article{cadena2016past,
  title={Past, present, and future of simultaneous localization and mapping: Toward the robust-perception age},
  author={Cadena, Cesar and Carlone, Luca and Carrillo, Henry and Latif, Yasir and Scaramuzza, Davide and Neira, Jos{\'e} and Reid, Ian and Leonard, John J},
  journal=tro,
  volume={32},
  number={6},
  pages={1309--1332},
  year={2016},
  publisher={IEEE}
}

@inproceedings{sim2005global,
  title={Global {A-optimal} robot exploration in {SLAM}},
  author={Sim, Robert and Roy, Nicholas},
  booktitle=icra,
  pages={661--666},
  year={2005},
  organization={IEEE}
}

@inproceedings{carlone2010application,
  title={An application of Kullback-Leibler divergence to active {SLAM} and exploration with particle filters},
  author={Carlone, Luca and Du, Jingjing and Ng, M Kaouk and Bona, Basilio and Indri, Marina},
  booktitle=iros,
  pages={287--293},
  year={2010},
  organization={IEEE}
}

@article{amigoni2010information,
  title={An information-based exploration strategy for environment mapping with mobile robots},
  author={Amigoni, Francesco and Caglioti, Vincenzo},
  journal=ras,
  volume={58},
  number={5},
  pages={684--699},
  year={2010},
  publisher={Elsevier}
}

@article{konolige1997improved,
  title={Improved occupancy grids for map building},
  author={Konolige, Kurt},
  journal=ar,
  volume={4},
  number={4},
  pages={351--367},
  year={1997},
  publisher={Kluwer Academic Publishers}
}

@article{thrun2001probabilistic,
  title={A probabilistic on-line mapping algorithm for teams of mobile robots},
  author={Thrun, Sebastian},
  journal=ijrr,
  volume={20},
  number={5},
  pages={335--363},
  year={2001},
  publisher={SAGE Publications}
}

@article{maurer2003linear,
  title={A linear time algorithm for computing exact Euclidean distance transforms of binary images in arbitrary dimensions},
  author={Maurer Jr, Calvin R and Qi, Rensheng and Raghavan, Vijay},
  journal={Pattern Analysis and Machine Intelligence, IEEE Transactions on},
  volume={25},
  number={2},
  pages={265--270},
  year={2003},
  publisher={IEEE}
}

@article{newman1999monte,
  title={Monte Carlo Methods in Statistical Physics},
  author={Newman, MEJ and Barkema, GT},
  year={1999},
  publisher={Clarendon Press}
}

@inproceedings{vallve2014dense,
  title={Dense entropy decrease estimation for mobile robot exploration},
  author={Vallv{\'e}, Joan and Andrade-Cetto, Juan},
  booktitle=icra,
  pages={6083--6089},
  year={2014},
  organization={IEEE}
}

@article{vallve2015potential,
  title={Potential information fields for mobile robot exploration},
  author={Vallv{\'e}, Joan and Andrade-Cetto, Juan},
  journal=ras,
  volume={69},
  pages={68--79},
  year={2015},
  publisher={Elsevier}
}

@article{yang2013gaussian,
  title={A {Gaussian} process-based {RRT} planner for the exploration of an unknown and cluttered environment with a {UAV}},
  author={Yang, Kwangjin and Keat Gan, Seng and Sukkarieh, Salah},
  journal={Advanced Robotics},
  volume={27},
  number={6},
  pages={431--443},
  year={2013},
  publisher={Routledge}
}

@article{hensman2013gaussian,
  title={{Gaussian} processes for big data},
  author={Hensman, James and Fusi, Nicolo and Lawrence, Neil D},
  journal={arXiv preprint arXiv:1309.6835},
  year={2013}
}

@inproceedings{snelson2006sparse,
  title={Sparse {Gaussian} processes using pseudo-inputs},
  author={Snelson, Ed and Ghahramani, Zoubin},
  booktitle={NIPS},
  pages={1257--1264},
  year={2006}
}

@inproceedings{ramoshilbert,
  title={Hilbert maps: scalable continuous occupancy mapping with stochastic gradient descent},
  author={Ramos, Fabio and Ott, Lionel},
  booktitle={Robotics: Science and Systems},
  year={2015}
}

@inproceedings{kim2015gpmap,
  title={{GPmap}: A Unified Framework for Robotic Mapping Based on Sparse {Gaussian} Processes},
  author={Kim, Soohwan and Kim, Jonghyuk},
  booktitle={Field and Service Robotics},
  pages={319--332},
  year={2015},
  organization={Springer}
}

@article{kim2013occupancy,
  title={Occupancy Mapping and Surface Reconstruction Using Local {Gaussian} Processes With {Kinect} Sensors},
  author={Kim, Soohwan and Kim, Jonghyuk},
  journal={IEEE Transactions on Cybernetics},
  volume={43},
  number={5},
  pages={1335--1346},
  year={2013},
  publisher={IEEE}
}

@inproceedings{jadidi2013exploration,
  title={Exploration in information distribution maps},
  author={Ghaffari Jadidi, Maani and Valls Miro, Jaime and Valencia Carre{\~n}o, Rafael and Andrade-Cetto, Juan and Dissanayake, Gamini},
  booktitle={RSS Workshop on Robotic Exploration, Monitoring, and Information Content},
  year={2013}
}

@inproceedings{jadidi2013acra,
  title={Exploration using an information-based reaction-diffusion process},
  author={Ghaffari Jadidi, Maani and Valls Miro, Jaime and Valencia Carre{\~n}o, Rafael and Andrade-Cetto, Juan and Dissanayake, Gamini},
  booktitle=acra,
  year={2013}
}

@inproceedings{o2009contextual,
  title={Contextual occupancy maps using {Gaussian} processes},
  author={O'Callaghan, Simon and Ramos, Fabio T and Durrant-Whyte, Hugh},
  booktitle=icra,
  pages={1054--1060},
  year={2009},
  organization={IEEE}
}

@article{Valiente201593,
title = {Information-based view initialization in visual {SLAM} with a single omnidirectional camera},
journal = ras,
volume = {72},
number = "",
pages = {93 - 104},
year = {2015},
issn = {0921-8890},
author = {David Valiente and Ghaffari Jadidi, Maani and Valls Miro, Jaime and Arturo Gil and Oscar Reinoso}
}

@inproceedings{maani2015mi,
  title={Mutual Information-based Exploration on Continuous Occupancy Maps},
  author={Ghaffari Jadidi, Maani and Valls Miro, Jaime and Dissanayake, Gamini},
  booktitle=iros,
  pages={6086-6092},
  year={2015}
}

@book{press1996numerical,
  title={Numerical recipes in C},
  author={Press, William H and Teukolsky, Saul A and Vetterling, William T and Flannery, Brian P},
  volume={2},
  year={1996},
  publisher={Cambridge university press Cambridge}
}

@article{dijkstra1959note,
  title={A note on two problems in connexion with graphs},
  author={Dijkstra, Edsger W},
  journal={Numerische mathematik},
  volume={1},
  number={1},
  pages={269--271},
  year={1959},
  publisher={Springer}
}

@article{durrant2006simultaneous,
  title={Simultaneous localization and mapping: part {I}},
  author={Durrant-Whyte, Hugh and Bailey, Tim},
  journal={Robotics \& Automation Magazine, IEEE},
  volume={13},
  number={2},
  pages={99--110},
  year={2006},
  publisher={IEEE}
}

@inproceedings{bailey2006consistency,
  title={Consistency of the {EKF-SLAM} algorithm},
  author={Bailey, Tim and Nieto, Juan and Guivant, Jose and Stevens, Michael and Nebot, Eduardo},
  booktitle=iros,
  pages={3562--3568},
  year={2006},
  organization={IEEE}
}

@article{huang2007convergence,
  title={Convergence and consistency analysis for extended Kalman filter based {SLAM}},
  author={Huang, Shoudong and Dissanayake, Gamini},
  journal=tro,
  volume={23},
  number={5},
  pages={1036--1049},
  year={2007},
  publisher={IEEE}
}

@article{bosse2004simultaneous,
  title={Simultaneous localization and map building in large-scale cyclic environments using the Atlas framework},
  author={Bosse, Michael and Newman, Paul and Leonard, John and Teller, Seth},
  journal=ijrr,
  volume={23},
  number={12},
  pages={1113--1139},
  year={2004},
  publisher={SAGE Publications}
}

@article{estrada2005hierarchical,
  title={Hierarchical {SLAM}: Real-time accurate mapping of large environments},
  author={Estrada, Carlos and Neira, Jos{\'e} and Tard{\'o}s, Juan D},
  journal=tro,
  volume={21},
  number={4},
  pages={588--596},
  year={2005},
  publisher={IEEE}
}

@article{guivant2003solving,
  title={Solving computational and memory requirements of feature-based simultaneous localization and mapping algorithms},
  author={Guivant, Jos{\'e} E and Nebot, Eduardo Mario},
  journal={Robotics and Automation, IEEE Transactions on},
  volume={19},
  number={4},
  pages={749--755},
  year={2003},
  publisher={IEEE}
}

@article{paz2008divide,
  title={Divide and Conquer: {EKF} {SLAM} in {O}(n)},
  author={Paz, Lina M and Tard{\'o}s, Juan D and Neira, Jos{\'e}},
  journal=tro,
  volume={24},
  number={5},
  pages={1107--1120},
  year={2008},
  publisher={IEEE}
}

@inproceedings{montemerlo2002fastslam,
  title={{FastSLAM}: A factored solution to the simultaneous localization and mapping problem},
  author={Montemerlo, Michael and Thrun, Sebastian and Koller, Daphne and Wegbreit, Ben and others},
  booktitle={AAAI/IAAI},
  pages={593--598},
  year={2002}
}

@inproceedings{doucet2000rao,
  title={Rao-Blackwellised particle filtering for dynamic Bayesian networks},
  author={Doucet, Arnaud and De Freitas, Nando and Murphy, Kevin and Russell, Stuart},
  booktitle={Proceedings of the Sixteenth conference on Uncertainty in artificial intelligence},
  pages={176--183},
  year={2000},
  organization={Morgan Kaufmann Publishers Inc.}
}

@book{smith2013sequential,
  title={Sequential Monte Carlo methods in practice},
  author={Smith, Adrian and Doucet, Arnaud and de Freitas, Nando and Gordon, Neil},
  year={2013},
  publisher={Springer Science \& Business Media}
}

@inproceedings{bailey2006consistencypf,
  title={Consistency of the {FastSLAM} algorithm},
  author={Bailey, Tim and Nieto, Juan and Nebot, Eduardo},
  booktitle=icra,
  pages={424--429},
  year={2006},
  organization={IEEE}
}

@INPROCEEDINGS{Montemerlo03fastslam2,
    author = {Michael Montemerlo and Sebastian Thrun and Daphne Koller and Ben Wegbreit},
    title = {{FastSLAM} 2.0: An Improved Particle Filtering Algorithm for Simultaneous Localization and Mapping that Provably Converges},
    booktitle = {In Proc. of the Int. Conf. on Artificial Intelligence (IJCAI)},
    year = {2003},
    pages = {1151--1156}
}

@article{thrun2004simultaneous,
  title={Simultaneous localization and mapping with sparse extended information filters},
  author={Thrun, Sebastian and Liu, Yufeng and Koller, Daphne and Ng, Andrew Y and Ghahramani, Zoubin and Durrant-Whyte, Hugh},
  journal=ijrr,
  volume={23},
  number={7-8},
  pages={693--716},
  year={2004},
  publisher={SAGE Publications}
}

@article{dellaert2006square,
  title={Square Root SAM: Simultaneous localization and mapping via square root information smoothing},
  author={Dellaert, Frank and Kaess, Michael},
  journal=ijrr,
  volume={25},
  number={12},
  pages={1181--1203},
  year={2006},
  publisher={SAGE Publications}
}

@inproceedings{grisetti2008online,
  title={Online constraint network optimization for efficient maximum likelihood map learning},
  author={Grisetti, Giorgio and Rizzini, Dario Lodi and Stachniss, Cyrill and Olson, Edwin and Burgard, Wolfram},
  booktitle=icra,
  pages={1880--1885},
  year={2008},
  organization={IEEE}
}

@inproceedings{kaess2011isam2,
  title={iSAM2: Incremental smoothing and mapping with fluid relinearization and incremental variable reordering},
  author={Kaess, Michael and Johannsson, Hordur and Roberts, Richard and Ila, Viorela and Leonard, John and Dellaert, Frank},
  booktitle=icra,
  pages={3281--3288},
  year={2011},
  organization={IEEE}
}

@article{kaess2008isam,
  title={iSAM: Incremental smoothing and mapping},
  author={Kaess, Michael and Ranganathan, Ananth and Dellaert, Frank},
  journal=tro,
  volume={24},
  number={6},
  pages={1365--1378},
  year={2008},
  publisher={IEEE}
}

@inproceedings{konolige2010efficient,
  title={Efficient sparse pose adjustment for 2D mapping},
  author={Konolige, Kurt and Grisetti, Giorgio and K{\"u}mmerle, Rainer and Burgard, Wolfram and Limketkai, Benson and Vincent, Regis},
  booktitle=iros,
  pages={22--29},
  year={2010},
  organization={IEEE}
}

@incollection{sibley2008sliding,
  title={A sliding window filter for incremental {SLAM}},
  author={Sibley, Gabe and Matthies, Larry and Sukhatme, Gaurav},
  booktitle={Unifying perspectives in computational and robot vision},
  pages={103--112},
  year={2008},
  publisher={Springer}
}

@inproceedings{sibley2009adaptive,
  title={Adaptive relative bundle adjustment.},
  author={Sibley, Dieter and Mei, Christopher and Reid, Ian and Newman, Paul},
  booktitle={Robotics: Science and Systems},
  volume={32},
  pages={33},
  year={2009}
}

@inproceedings{strasdat2010real,
  title={Real-time monocular {SLAM}: Why filter?},
  author={Strasdat, Hauke and Montiel, JMM and Davison, Andrew J},
  booktitle=icra,
  pages={2657--2664},
  year={2010},
  organization={IEEE}
}

@article{thrun2006graph,
  title={The graph {SLAM} algorithm with applications to large-scale mapping of urban structures},
  author={Thrun, Sebastian and Montemerlo, Michael},
  journal=ijrr,
  volume={25},
  number={5-6},
  pages={403--429},
  year={2006},
  publisher={SAGE Publications}
}

@article{cummins2008fab,
  title={FAB-MAP: Probabilistic localization and mapping in the space of appearance},
  author={Cummins, Mark and Newman, Paul},
  journal=ijrr,
  volume={27},
  number={6},
  pages={647--665},
  year={2008},
  publisher={SAGE Publications}
}

@inproceedings{newman2005slam,
  title={{SLAM}-loop closing with visually salient features},
  author={Newman, Paul and Ho, Kin},
  booktitle=icra,
  pages={635--642},
  year={2005},
  organization={IEEE}
}

@article{ho2007detecting,
  title={Detecting loop closure with scene sequences},
  author={Ho, Kin Leong and Newman, Paul},
  journal={Int. J. Computer Vision},
  volume={74},
  number={3},
  pages={261--286},
  year={2007},
  publisher={Springer}
}

@article{borrmann2008globally,
  title={Globally consistent 3D mapping with scan matching},
  author={Borrmann, Dorit and Elseberg, Jan and Lingemann, Kai and N{\"u}chter, Andreas and Hertzberg, Joachim},
  journal=ras,
  volume={56},
  number={2},
  pages={130--142},
  year={2008},
  publisher={Elsevier}
}

@inproceedings{diosi2005laser,
  title={Laser scan matching in polar coordinates with application to {SLAM}},
  author={Diosi, Albert and Kleeman, Lindsay},
  booktitle=iros,
  pages={3317--3322},
  year={2005},
  organization={IEEE}
}

@inproceedings{olson2009real,
  title={Real-time correlative scan matching},
  author={Olson, Edwin B},
  booktitle=icra,
  pages={4387--4393},
  year={2009},
  organization={IEEE}
}

@inproceedings{bosse2009continuous,
  title={Continuous 3D scan-matching with a spinning 2D laser},
  author={Bosse, Michael and Zlot, Robert},
  booktitle=icra,
  pages={4312--4319},
  year={2009},
  organization={IEEE}
}

@inproceedings{wurm2010octomap,
  title={{OctoMap}: A probabilistic, flexible, and compact {3D} map representation for robotic systems},
  author={Wurm, Kai M and Hornung, Armin and Bennewitz, Maren and Stachniss, Cyrill and Burgard, Wolfram},
  booktitle={Proc. of the ICRA 2010 workshop on best practice in {3D} perception and modeling for mobile manipulation},
  volume={2},
  year={2010}
}

@article{hornung2013octomap,
  title={{OctoMap}: An efficient probabilistic 3D mapping framework based on octrees},
  author={Hornung, Armin and Wurm, Kai M and Bennewitz, Maren and Stachniss, Cyrill and Burgard, Wolfram},
  journal={Autonomous Robots},
  volume={34},
  number={3},
  pages={189--206},
  year={2013},
  publisher={Springer}
}

@inproceedings{simmons1995probabilistic,
  title={Probabilistic robot navigation in partially observable environments},
  author={Simmons, Reid and Koenig, Sven},
  booktitle={IJCAI},
  volume={95},
  pages={1080--1087},
  year={1995}
}

@article{spaan2005perseus,
  title={Perseus: Randomized point-based value iteration for {POMDPs}},
  author={Spaan, Matthijs TJ and Vlassis, Nikos},
  journal={Journal of artificial intelligence research},
  pages={195--220},
  year={2005}
}

@inproceedings{pineau2003point,
  title={Point-based value iteration: An anytime algorithm for {POMDPs}},
  author={Pineau, Joelle and Gordon, Geoff and Thrun, Sebastian and others},
  booktitle={IJCAI},
  volume={3},
  pages={1025--1032},
  year={2003}
}

@inproceedings{roy1999coastal,
  title={Coastal navigation-mobile robot navigation with uncertainty in dynamic environments},
  author={Roy, Nicholas and Burgard, Wolfram and Fox, Dieter and Thrun, Sebastian},
  booktitle=icra,
  volume={1},
  pages={35--40},
  year={1999},
  organization={IEEE}
}

@article{roy2005finding,
  title={Finding approximate {POMDP} solutions through belief compression},
  author={Roy, Nicholas and Gordon, Geoffrey J and Thrun, Sebastian},
  journal={J. Artif. Intell. Res.(JAIR)},
  volume={23},
  pages={1--40},
  year={2005}
}

@inproceedings{he2010puma,
  title={PUMA: Planning Under Uncertainty with Macro-Actions.},
  author={He, Ruijie and Brunskill, Emma and Roy, Nicholas},
  booktitle={AAAI},
  year={2010}
}

@book{bertsekas1995dynamic,
  title={Dynamic programming and optimal control},
  author={Bertsekas, Dimitri P},
  volume={1},
  number={2},
  year={1995},
  publisher={Athena Scientific Belmont, MA}
}

@article{kaelbling1998planning,
  title={Planning and acting in partially observable stochastic domains},
  author={Kaelbling, Leslie Pack and Littman, Michael L and Cassandra, Anthony R},
  journal={Artificial intelligence},
  volume={101},
  number={1},
  pages={99--134},
  year={1998},
  publisher={Elsevier}
}

@article{surmann2003autonomous,
  title={An autonomous mobile robot with a 3D laser range finder for 3D exploration and digitalization of indoor environments},
  author={Surmann, Hartmut and N{\"u}chter, Andreas and Hertzberg, Joachim},
  journal=ras,
  volume={45},
  number={3},
  pages={181--198},
  year={2003},
  publisher={Elsevier}
}

@article{nemhauser1978analysis,
  title={An analysis of approximations for maximizing submodular set functions—I},
  author={Nemhauser, George L and Wolsey, Laurence A and Fisher, Marshall L},
  journal={Mathematical Programming},
  volume={14},
  number={1},
  pages={265--294},
  year={1978},
  publisher={Springer}
}

@inproceedings{Krause:uai05infogain,
author = {Andreas Krause and Carlos Guestrin},
title = {Near-optimal Value of Information in Graphical Models},
booktitle = {Conf. on Uncertainty in Artificial Intelligence (UAI)},
month = {July},
year = {2005}
}

@article{fawcett2006introduction,
  title={An introduction to {ROC} analysis},
  author={Fawcett, Tom},
  journal={Pattern recognition letters},
  volume={27},
  number={8},
  pages={861--874},
  year={2006},
  publisher={Elsevier}
}

@article{snelson2004warped,
  title={Warped {G}aussian processes},
  author={Snelson, Edward and Rasmussen, Carl Edward and Ghahramani, Zoubin},
  journal={NIPS},
  volume={16},
  pages={337--344},
  year={2004},
  publisher={of}
}

@inproceedings{o2011continuous,
  title={Continuous occupancy mapping with integral kernels},
  author={O'Callaghan, Simon and Ramos, Fabio},
  booktitle={Proc. of the AAAI Conf. on Artificial Intelligence},
  pages={1494--1500},
  year={2011}
}

@inproceedings{melkumyan2009sparse,
  title={A Sparse Covariance Function for Exact {G}aussian Process Inference in Large Datasets.},
  author={Melkumyan, Arman and Ramos, Fabio},
  booktitle={IJCAI},
  volume={9},
  pages={1936--1942},
  year={2009}
}

@inproceedings{quigley2009ros,
  title={{ROS}: an open-source {R}obot {O}perating {S}ystem},
  author={Quigley, Morgan and Conley, Ken and Gerkey, Brian and Faust, Josh and Foote, Tully and Leibs, Jeremy and Wheeler, Rob and Ng, Andrew Y},
  booktitle={ICRA workshop on open source software},
  volume={3},
  number={3.2},
  pages={5},
  year={2009}
}

@MISC{pygps,
  author = {M. Neumann and D. Marthaler and S. Huang and K. Kersting},
  title = {py{GP}s; a library for {G}aussian Process Regression and Classification},
  howpublished = {https://github.com/marionmari/pyGPs},
  year = {2014}
}

@article{eustice2006exactly,
  title={Exactly sparse delayed-state filters for view-based {SLAM}},
  author={Eustice, Ryan M and Singh, Hanumant and Leonard, John J},
  journal=tro,
  volume={22},
  number={6},
  pages={1100--1114},
  year={2006},
  publisher={IEEE}
}

@inproceedings{ila2007vision,
  title={Vision-based loop closing for delayed state robot mapping},
  author={Ila, Viorela and Andrade-Cetto, Juan and Valencia, Rafael and Sanfeliu, Alberto},
  booktitle=iros,
  pages={3892--3897},
  year={2007},
  organization={IEEE}
}

@INPROCEEDINGS{Mount1993,
  author = {Sunil Arya and David M. Mount},
  title = {Approximate Nearest Neighbor Queries in Fixed Dimensions},
  booktitle = {Proc. 4th Ann. ACM-SIAM Symposium on Discrete Algorithms (SODA)},
  year = {1993},
  pages = {271-280},
  owner = {bagon},
  timestamp = {2009.02.04}
}

@ELECTRONIC{Mount2006,
  author = {David M. Mount and Sunil Arya},
  month = {August},
  year = {2006},
  title = {{ANN}: A Library for Approximate Nearest Neighbor Searching},
  note = {version 1.1.1},
  url = {http://www.cs.umd.edu/~mount/ANN/},
  owner = {bagon},
  timestamp = {2009.02.04}
}

@ELECTRONIC{Bagon2009,
  author = {Shai Bagon},
  month = {February},
  year = {2009},
  title = {{Matlab} class for {ANN}},
  url = {http://www.wisdom.weizmann.ac.il/~bagon/matlab.html},
  owner = {bagon},
  timestamp = {2009.02.04}
}

@article{calandra2014manifold,
  title={Manifold {Gaussian} Processes for Regression},
  author={Calandra, Roberto and Peters, Jan and Rasmussen, Carl Edward and Deisenroth, Marc Peter},
  journal={arXiv preprint arXiv:1402.5876},
  year={2014}
}

@article{indelman2015planning,
  title={Planning in the continuous domain: A generalized belief space approach for autonomous navigation in unknown environments},
  author={Indelman, Vadim and Carlone, Luca and Dellaert, Frank},
  journal=ijrr,
  volume={34},
  number={7},
  pages={849--882},
  year={2015},
  publisher={SAGE Publications}
}

@article{keidar2013efficient,
  title={Efficient frontier detection for robot exploration},
  author={Keidar, Matan and Kaminka, Gal A},
  journal=ijrr,
  volume={33},
  number={2},
  pages={215--236},
  year={2014},
  publisher={SAGE Publications}
}

@inproceedings{mchutchon2011gaussian,
  title={{Gaussian} process training with input noise},
  author={McHutchon, Andrew and Rasmussen, Carl E},
  booktitle={NIPS},
  pages={1341--1349},
  year={2011}
}

@article{hollinger2014sampling,
  title={Sampling-based robotic information gathering algorithms},
  author={Hollinger, Geoffrey A and Sukhatme, Gaurav S},
  journal=ijrr,
  volume = {33}, 
  number = {9}, 
  pages = {1271-1287},
  year={2014},
  publisher={SAGE Publications}
}

@inproceedings{hollinger2013sampling,
  title={Sampling-based Motion Planning for Robotic Information Gathering.},
  author={Hollinger, Geoffrey A and Sukhatme, Gaurav S},
  booktitle={Robotics: Science and Systems},
  year={2013},
}

@article{charrow2014approximate,
  title={Approximate representations for multi-robot control policies that maximize mutual information},
  author={Charrow, Benjamin and Kumar, Vijay and Michael, Nathan},
  journal=ar,
  volume={37},
  number={4},
  pages={383--400},
  year={2014},
  publisher={Springer}
}

@article{julian2012distributed,
  title={Distributed robotic sensor networks: An information-theoretic approach},
  author={Julian, Brian J and Angermann, Michael and Schwager, Mac and Rus, Daniela},
  journal=ijrr,
  volume={31},
  number={10},
  pages={1134--1154},
  year={2012},
  publisher={SAGE Publications}
}

@article{karaman2011sampling,
  title={Sampling-based algorithms for optimal motion planning},
  author={Karaman, Sertac and Frazzoli, Emilio},
  journal=ijrr,
  volume={30},
  number={7},
  pages={846--894},
  year={2011},
  publisher={Sage Publications}
}

@inproceedings{binney2012branch,
  title={Branch and bound for informative path planning.},
  author={Binney, Jonathan and Sukhatme, Gaurav S},
  booktitle=icra,
  pages={2147--2154},
  year={2012},
  organization={IEEE}
}

@article{lavalle2001randomized,
  title={Randomized kinodynamic planning},
  author={LaValle, Steven M and Kuffner, James J},
  journal=ijrr,
  volume={20},
  number={5},
  pages={378--400},
  year={2001},
  publisher={SAGE Publications}
}

@article{kavraki1996probabilistic,
  title={Probabilistic roadmaps for path planning in high-dimensional configuration spaces},
  author={Kavraki, Lydia E and {\v{S}}vestka, Petr and Latombe, Jean-Claude and Overmars, Mark H},
  journal={Robotics and Automation, IEEE Transactions on},
  volume={12},
  number={4},
  pages={566--580},
  year={1996},
  publisher={IEEE}
}

@inproceedings{bry2011rapidly,
  title={Rapidly-exploring random belief trees for motion planning under uncertainty},
  author={Bry, Adam and Roy, Nicholas},
  booktitle=icra,
  pages={723--730},
  year={2011},
  organization={IEEE}
}

@inproceedings{lan2013planning,
  title={Planning periodic persistent monitoring trajectories for sensing robots in {G}aussian random fields},
  author={Lan, Xiaodong and Schwager, Mac},
  booktitle=icra,
  pages={2415--2420},
  year={2013},
  organization={IEEE}
}

@MastersThesis{levine2010information,
  title={Information-rich path planning under general constraints using rapidly-exploring random trees},
  author={Levine, Daniel S},
  year={2010},
  school={Massachusetts Institute of Technology}
}

@article{singh2009efficient,
  title={Efficient informative sensing using multiple robots},
  author={Singh, Amarjeet and Krause, Andreas and Guestrin, Carlos and Kaiser, William J},
  journal={Journal of Artificial Intelligence Research},
  pages={707--755},
  year={2009}
}

@article{binney2013optimizing,
  title={Optimizing waypoints for monitoring spatiotemporal phenomena},
  author={Binney, Jonathan and Krause, Andreas and Sukhatme, Gaurav S},
  journal=ijrr,
  volume={32},
  number={8},
  pages={873--888},
  year={2013},
  publisher={SAGE Publications}
}

@inproceedings{guestrin2005near,
  title={Near-optimal sensor placements in {Gaussian} processes},
  author={Guestrin, Carlos and Krause, Andreas and Singh, Ajit Paul},
  booktitle={Proc. Int. Conf. Machine learning},
  pages={265--272},
  year={2005},
  organization={ACM}
}

@article{krause2008near,
  title={Near-optimal sensor placements in {Gaussian} processes: Theory, efficient algorithms and empirical studies},
  author={Krause, Andreas and Singh, Ajit and Guestrin, Carlos},
  journal={The Journal of Machine Learning Research},
  volume={9},
  pages={235--284},
  year={2008},
  publisher={JMLR. org}
}

@book{von2014mathematical,
  title={Mathematical theory of probability and statistics},
  author={Von Mises, Richard},
  year={1964},
  publisher={Academic Press}
}

@book{pukelsheim1993optimal,
  title={Optimal design of experiments},
  author={Pukelsheim, Friedrich},
  year={2006},
  publisher={Society for Industrial and Applied Mathematics}
}

@phdthesis{girard2004approximate,
  title={Approximate methods for propagation of uncertainty with {Gaussian} process models},
  author={Girard, Agathe},
  year={2004},
  school={University of Glasgow}
}

@inproceedings{o2010contextual,
  title={Contextual occupancy maps incorporating sensor and location uncertainty},
  author={O'Callaghan, Simon T and Ramos, Fabio T and Durrant-Whyte, Hugh},
  booktitle=icra,
  pages={3478--3485},
  year={2010},
  organization={IEEE}
}

@incollection{NIPS2002_2313,
title = {{Gaussian} Process Priors with Uncertain Inputs Application to Multiple-Step Ahead Time Series Forecasting},
author = {Agathe Girard and Carl Edward Rasmussen and Joaquin Qui\~{n}onero Candela and Roderick Murray-Smith},
booktitle = {NIPS},
pages = {545--552},
year = {2003}
}

@inproceedings{julier1997new,
  title={New extension of the Kalman filter to nonlinear systems},
  author={Julier, Simon J and Uhlmann, Jeffrey K},
  booktitle={AeroSense'97},
  pages={182--193},
  year={1997},
  organization={Int. Society for Optics and Photonics}
}

@phdthesis{minka2001family,
  title={A family of algorithms for approximate Bayesian inference},
  author={Minka, Thomas P},
  year={2001},
  school={Massachusetts Institute of Technology}
}

@book{davis2007methods,
  title={Methods of numerical integration},
  author={Davis, Philip J and Rabinowitz, Philip},
  year={1984},
  publisher={Academic Press}
}

@article{jordan1999introduction,
  title={An introduction to variational methods for graphical models},
  author={Jordan, Michael I and Ghahramani, Zoubin and Jaakkola, Tommi S and Saul, Lawrence K},
  journal={Machine learning},
  volume={37},
  number={2},
  pages={183--233},
  year={1999},
  publisher={Springer}
}

@book{neal1996bayesian,
  title={Bayesian learning for neural networks},
  author={Neal, Radford M},
  volume={118},
  year={1996},
  publisher={Springer New York}
}

@article{smallwood1973optimal,
  title={The optimal control of partially observable Markov processes over a finite horizon},
  author={Smallwood, Richard D and Sondik, Edward J},
  journal={Operations Research},
  volume={21},
  number={5},
  pages={1071--1088},
  year={1973},
  publisher={INFORMS}
}

@article{astrom1965optimal,
  title={Optimal control of Markov processes with incomplete state information},
  author={Astrom, KJ},
  journal={Journal of Mathematical Analysis and Applications},
  volume={10},
  number={1},
  pages={174--205},
  year={1965}
}

@article{Aghamohammadi01022014,
  title = {{FIRM}: Sampling-based feedback motion-planning under motion uncertainty and imperfect measurements},
  author = {Agha-mohammadi, Ali-akbar and Chakravorty, Suman and Amato, Nancy M}, 
  journal=ijrr,
  volume = {33}, 
  number = {2}, 
  pages = {268-304}, 
  year = {2014}, 
  publisher={SAGE Publications}
}

@article{kim2014active,
  title = {Active visual {SLAM} for robotic area coverage: Theory and experiment},
  author = {Kim, Ayoung and Eustice, Ryan M.}, 
  journal=ijrr,
  volume = {34}, 
  number = {4-5}, 
  pages = {457-475}, 
  year = {2015}, 
  publisher={SAGE Publications}
}

@book{lavalle2006planning,
  title={Planning algorithms},
  author={LaValle, Steven M},
  year={2006},
  publisher={Cambridge university press}
}

@article{bajcsy1988active,
  title={Active perception},
  author={Bajcsy, Ruzena},
  journal={Proceedings of the IEEE},
  volume={76},
  number={8},
  pages={966--1005},
  year={1988},
  publisher={IEEE}
}

@book{latombe1991robot,
  title={Robot motion planning},
  author={Latombe, Jean-Claude},
  volume={124},
  year={1991},
  publisher={Springer US}
}

@inproceedings{chekuri2005recursive,
  title={A recursive greedy algorithm for walks in directed graphs},
  author={Chekuri, Chandra and Pal, Martin},
  booktitle={Foundations of Computer Science, 2005. FOCS 2005. 46th Annual IEEE Symposium on},
  pages={245--253},
  year={2005},
  organization={IEEE}
}

@inproceedings{luna2014optimal,
  title={Optimal and Efficient Stochastic Motion Planning in Partially-Known Environments.},
  author={Luna, Ryan and Lahijanian, Morteza and Moll, Mark and Kavraki, Lydia E},
  booktitle={AAAI},
  pages={2549--2555},
  year={2014}
}

@article{sucan2012open,
  title={The open motion planning library},
  author={Sucan, Ioan A and Moll, Mark and Kavraki, Lydia E},
  journal={IEEE Robotics \& Automation Magazine},
  volume={19},
  number={4},
  pages={72--82},
  year={2012},
  publisher={IEEE}
}

@book{rappaport1996wireless,
  title={Wireless communications: principles and practice},
  author={Rappaport, Theodore S},
  volume={2},
  year={1996},
  publisher={Prentice Hall PTR New Jersey}
}

@book{goldsmith2005wireless,
  title={Wireless communications},
  author={Goldsmith, Andrea},
  year={2005},
  publisher={Cambridge university press}
}

@inproceedings{singh2010modeling,
  title={Modeling and decision making in spatio-temporal processes for environmental surveillance},
  author={Singh, Amarjeet and Ramos, Fabio and Whyte, Hugh Durrant and Kaiser, William J},
  booktitle=icra,
  pages={5490--5497},
  year={2010},
  organization={IEEE}
}

@inproceedings{marchant2012bayesian,
  title={Bayesian optimisation for intelligent environmental monitoring},
  author={Marchant, Roman and Ramos, Fabio},
  booktitle=iros,
  pages={2242--2249},
  year={2012},
  organization={IEEE}
}

@article{dunbabin2012robots,
  title={Robots for environmental monitoring: Significant advancements and applications},
  author={Dunbabin, Matthew and Marques, Lino},
  journal={IEEE Robotics \& Automation Magazine},
  volume={19},
  number={1},
  pages={24--39},
  year={2012},
  publisher={IEEE}
}

@inproceedings{dhariwal2004bacterium,
  title={Bacterium-inspired robots for environmental monitoring},
  author={Dhariwal, Amit and Sukhatme, Gaurav S and Requicha, Aristides AG},
  booktitle=icra,
  volume={2},
  pages={1436--1443},
  year={2004},
  organization={IEEE}
}

@inproceedings{strom2015predictive,
  title={Predictive exploration considering previously mapped environments},
  author={Str{\"o}m, Daniel Perea and Nenci, Fabrizio and Stachniss, Cyrill},
  booktitle=icra,
  pages={2761--2766},
  year={2015},
  organization={IEEE}
}

@article{yu2015persistent,
  title={Persistent monitoring of events with stochastic arrivals at multiple stations},
  author={Yu, Jingjin and Karaman, Sertac and Rus, Daniela},
  journal=tro,
  volume={31},
  number={3},
  pages={521--535},
  year={2015},
  publisher={IEEE}
}

@inproceedings{huynh2009iclqg,
  title={{icLQG}: combining local and global optimization for control in information space},
  author={Huynh, Vu Anh and Roy, Nicholas},
  booktitle=icra,
  pages={2851--2858},
  year={2009},
  organization={IEEE}
}

@article{platt2010belief,
  title={Belief space planning assuming maximum likelihood observations},
  author={Platt Jr, Robert and Tedrake, Russ and Kaelbling, Leslie and Lozano-Perez, Tomas},
  booktitle={Robotics: Science and Systems},
  year={2010}
}

@article{Prentice01112009,
  author = {Prentice, Samuel and Roy, Nicholas}, 
  title = {The Belief Roadmap: Efficient Planning in Belief Space by Factoring the Covariance},
  journal=ijrr,
  volume = {28}, 
  number = {11-12}, 
  pages = {1448-1465}, 
  year = {2009}, 
  publisher={Sage Publications}
}

@article{van2011lqg,
  title={{LQG-MP}: Optimized path planning for robots with motion uncertainty and imperfect state information},
  author={Van Den Berg, Jur and Abbeel, Pieter and Goldberg, Ken},
  journal=ijrr,
  volume={30},
  number={7},
  pages={895--913},
  year={2011},
  publisher={SAGE Publications}
}

@inproceedings{horsch1994motion,
  title={Motion planning with many degrees of freedom-random reflections at c-space obstacles},
  author={Horsch, Thomas and Schwarz, F and Tolle, Henning},
  booktitle=icra,
  pages={3318--3323},
  year={1994},
  organization={IEEE}
}

@article{vasudevan2009gaussian,
  title={{Gaussian} process modeling of large-scale terrain},
  author={Vasudevan, Shrihari and Ramos, Fabio and Nettleton, Eric and Durrant-Whyte, Hugh},
  journal={Journal of Field Robotics},
  volume={26},
  number={10},
  pages={812--840},
  year={2009},
  publisher={Wiley Online Library}
}

@inproceedings{lang2007adaptive,
  title={Adaptive Non-Stationary Kernel Regression for Terrain Modeling.},
  author={Lang, Tobias and Plagemann, Christian and Burgard, Wolfram},
  booktitle={Robotics: Science and Systems},
  year={2007}
}

@article{Hadsell01072010,
author = {Hadsell, Raia and Bagnell, J. Andrew and Huber, Daniel and Hebert, Martial}, 
title = {Space-carving Kernels for Accurate Rough Terrain Estimation},
volume = {29}, 
number = {8}, 
pages = {981-996}, 
year = {2010}, 
journal = ijrr 
}

@incollection{Thrun:2003:RMS:779343.779345,
 author = {Thrun, Sebastian},
 chapter = {Robotic Mapping: A Survey},
 title = {Exploring Artificial Intelligence in the New Millennium},
 editor = {Lakemeyer, Gerhard and Nebel, Bernhard},
 year = {2003},
 isbn = {1-55860-811-7},
 pages = {1--35},
 numpages = {35},
 acmid = {779345},
 publisher = {Morgan Kaufmann Publishers Inc.}
} 

@inproceedings{merali2014optimizing,
  title={Optimizing online occupancy grid mapping to capture the residual uncertainty},
  author={Merali, Rehman S and Barfoot, Timothy D},
  booktitle=icra,
  pages={6070--6076},
  year={2014},
  organization={IEEE}
}

@inproceedings{charrow2015information,
  title={Information-theoretic mapping using {Cauchy-Schwarz} quadratic mutual information},
  author={Charrow, Benjamin and Liu, Sikang and Kumar, Vijay and Michael, Nathan},
  booktitle=icra,
  pages={4791--4798},
  year={2015},
  organization={IEEE}
}

@article{maaniwgpom,
author={Ghaffari Jadidi, Maani and Valls Miro, Jaime and Dissanayake, Gamini},
title={Warped {Gaussian} Processes Occupancy Mapping with Uncertain Inputs}, 
year={2017}, 
volume={2}, 
number={2}, 
pages={680 - 687}, 
journal={IEEE Robotics and Automation Letters}
}

@incollection{NIPS2002_2173,
title = {Incremental {Gaussian} Processes},
author = {Candela, Joaquin Qui\~{n}onero and Winther, Ole},
booktitle = {NIPS},
pages = {1025--1032},
year = {2003}
}

@article{csato2002sparse,
  title={Sparse on-line {Gaussian} processes},
  author={Csat{\'o}, Lehel and Opper, Manfred},
  journal={Neural Computation},
  volume={14},
  number={3},
  pages={641--668},
  year={2002},
  publisher={MIT Press}
}

@inproceedings{kurniawati2008sarsop,
  title={SARSOP: Efficient Point-Based {POMDP} Planning by Approximating Optimally Reachable Belief Spaces.},
  author={Kurniawati, Hanna and Hsu, David and Lee, Wee Sun},
  booktitle={Robotics: Science and Systems},
  year={2008}
}

@article{kurniawati2011motion,
  title={Motion planning under uncertainty for robotic tasks with long time horizons},
  author={Kurniawati, Hanna and Du, Yanzhu and Hsu, David and Lee, Wee Sun},
  journal=ijrr,
  volume={30},
  number={3},
  pages={308--323},
  year={2011},
  publisher={SAGE Publications}
}

@inproceedings{kersting2007most,
  title={Most likely heteroscedastic {Gaussian} process regression},
  author={Kersting, Kristian and Plagemann, Christian and Pfaff, Patrick and Burgard, Wolfram},
  booktitle={Proc. Int. Conf. Machine learning},
  pages={393--400},
  year={2007},
  organization={ACM}
}

@incollection{goldberg1998regression,
  title={Regression with input-dependent noise: A {Gaussian} process treatment},
  author={Goldberg, Paul W and Williams, Christopher KI and Bishop, Christopher M},
  booktitle = {NIPS},
  pages={493--499},
  year={1998}
}

@article{ko2009gp,
  title={{GP}-{BayesFilters}: Bayesian filtering using {Gaussian} process prediction and observation models},
  author={Ko, Jonathan and Fox, Dieter},
  journal=ar,
  volume={27},
  number={1},
  pages={75--90},
  year={2009},
  publisher={Springer}
}

@inproceedings{titsias2011variational,
  title={Variational heteroscedastic {Gaussian} process regression},
  author={Titsias, Michalis K and L{\'a}zaro-Gredilla, Miguel},
  booktitle={Proc. Int. Conf. Machine learning},
  pages={841--848},
  year={2011},
  organization={ACM}
}

@inproceedings{hollinger2015long,
  title={Long-horizon Robotic Search and Classification using Sampling-based Motion Planning.},
  author={Hollinger, Geoffrey A},
  booktitle={Robotics: Science and Systems},
  year={2015}
}

@book{russell2009artificial,
  title={Artificial intelligence: a modern approach},
  author={Russell, Stuart Jonathan and Norvig, Peter},
  year={2009},
  publisher={Prentice Hall},
  edition   = 3,
}

@inproceedings{Silberman:ECCV12,
  author    = {Nathan Silberman, Derek Hoiem, Pushmeet Kohli and Rob Fergus},
  title     = {Indoor Segmentation and Support Inference from {RGBD} Images},
  booktitle = {ECCV},
  year      = {2012}
}

@inproceedings{bao2011semantic,
  title={Semantic structure from motion},
  author={Bao, Sid Yingze and Savarese, Silvio},
  booktitle={Computer Vision and Pattern Recognition (CVPR), 2011 IEEE Conference on},
  pages={2025--2032},
  year={2011},
  organization={IEEE}
}

@article{kuipers1991robot,
  title={A robot exploration and mapping strategy based on a semantic hierarchy of spatial representations},
  author={Kuipers, Benjamin and Byun, Yung-Tai},
  journal=ras,
  volume={8},
  number={1},
  pages={47--63},
  year={1991},
  publisher={Elsevier}
}

@article{mozos2007supervised,
  title={Supervised semantic labeling of places using information extracted from sensor data},
  author={Mozos, Oscar Martinez and Triebel, Rudolph and Jensfelt, Patric and Rottmann, Axel and Burgard, Wolfram},
  journal=ras,
  volume={55},
  number={5},
  pages={391--402},
  year={2007},
  publisher={Elsevier}
}

@article{pronobis2010multi,
  title={Multi-modal semantic place classification},
  author={Pronobis, Andrzej and Martinez Mozos, O and Caputo, Barbara and Jensfelt, Patric},
  journal=ijrr,
  volume={29},
  number={2-3},
  pages={298--320},
  year={2010},
  publisher={SAGE Publications Sage UK: London, England}
}

@inproceedings{castle2007towards,
  title={Towards simultaneous recognition, localization and mapping for hand-held and wearable cameras},
  author={Castle, Robert O and Gawley, Darren J and Klein, Georg and Murray, David W},
  booktitle=icra,
  pages={4102--4107},
  year={2007}
}

@inproceedings{civera2011towards,
  title={Towards semantic {SLAM} using a monocular camera},
  author={Civera, Javier and G{\'a}lvez-L{\'o}pez, Dorian and Riazuelo, Luis and Tard{\'o}s, Juan D and Montiel, JMM},
  booktitle=iros,
  pages={1277--1284},
  year={2011}
}

@inproceedings{pillai_rss15,
   Title = {Monocular {SLAM} Supported Object Recognition},
   Author = {Pillai, Sudeep AND Leonard, John},
   Booktitle = {Robotics: Science and Systems},
   Address = {Rome, Italy},
   Month = {July},
   Year = {2015}
}

@article{kim2012acquiring,
  title={Acquiring {3D} indoor environments with variability and repetition},
  author={Kim, Young Min and Mitra, Niloy J and Yan, Dong-Ming and Guibas, Leonidas},
  journal={ACM Transactions on Graphics (TOG)},
  volume={31},
  number={6},
  pages={138},
  year={2012},
  publisher={ACM}
}

@inproceedings{salas2013slam++,
  title={{SLAM}++: Simultaneous localisation and mapping at the level of objects},
  author={Salas-Moreno, Renato F and Newcombe, Richard A and Strasdat, Hauke and Kelly, Paul HJ and Davison, Andrew J},
  booktitle={Proc. IEEE Conf. on Computer Vision and Pattern Recognition},
  pages={1352--1359},
  year={2013}
}

@inproceedings{choudhary2014slam,
  title={{SLAM} with object discovery, modeling and mapping},
  author={Choudhary, Siddharth and Trevor, Alexander JB and Christensen, Henrik I and Dellaert, Frank},
  booktitle=iros,
  pages={1018--1025},
  year={2014}
}

@inproceedings{kundu2014joint,
  title={Joint semantic segmentation and {3D} reconstruction from monocular video},
  author={Kundu, Abhijit and Li, Yin and Dellaert, Frank and Li, Fuxin and Rehg, James M},
  booktitle={European Conf. on Computer Vision},
  pages={703--718},
  year={2014},
  organization={Springer}
}

@inproceedings{sengupta2015semantic,
  title={Semantic octree: Unifying recognition, reconstruction and representation via an octree constrained higher order {MRF}},
  author={Sengupta, Sunando and Sturgess, Paul},
  booktitle=icra,
  pages={1874--1879},
  year={2015}
}

@inproceedings{vineet2015incremental,
  title={Incremental dense semantic stereo fusion for large-scale semantic scene reconstruction},
  author={Vineet, Vibhav and Miksik, Ondrej and Lidegaard, Morten and Nie{\ss}ner, Matthias and Golodetz, Stuart and Prisacariu, Victor A and K{\"a}hler, Olaf and Murray, David W and Izadi, Shahram and P{\'e}rez, Patrick and others},
  booktitle=icra,
  pages={75--82},
  year={2015}
}

@inproceedings{kochanov2016scene,
  title={Scene flow propagation for semantic mapping and object discovery in dynamic street scenes},
  author={Kochanov, Deyvid and O{\v{s}}ep, Aljo{\v{s}}a and St{\"u}ckler, J{\"o}rg and Leibe, Bastian},
  booktitle=iros,
  pages={1785--1792},
  year={2016}
}

@article{maani2017auro,
  author={Ghaffari Jadidi, Maani and Valls Miro, Jaime and Dissanayake, Gamini},
title     = {{Gaussian} Process Autonomous Mapping and Exploration for Range Sensing Mobile Robots},
  journal   = {arXiv},
  year      = {2017},
  url       = {http://arxiv.org/abs/1605.00335}
}

@article{maani2017ijrr,
  author={Ghaffari Jadidi, Maani and Valls Miro, Jaime and Dissanayake, Gamini},
  title     = {Sampling-based Incremental Information Gathering with Applications to Robotic Exploration and Environmental Monitoring},
  journal   = {arXiv},
  year      = {2017},
  url       = {http://arxiv.org/abs/1607.01883}
}

@inproceedings{naish2007generalized,
  title={The Generalized {FITC} Approximation.},
  author={Naish-Guzman, Andrew and Holden, Sean B},
  booktitle={NIPS},
  pages={1057--1064},
  year={2007}
}

@inproceedings{linde2004object,
  title={Object recognition using composed receptive field histograms of higher dimensionality},
  author={Linde, Oskar and Lindeberg, Tony},
  booktitle={Proc. Int. Conf. Pattern Recognition},
  volume={2},
  pages={1--6},
  year={2004},
  organization={IEEE}
}

@article{lowe2004distinctive,
  title={Distinctive image features from scale-invariant keypoints},
  author={Lowe, David G},
  journal={Int. journal of computer vision},
  volume={60},
  number={2},
  pages={91--110},
  year={2004},
  publisher={Springer}
}

@article{hand2001simple,
  title={A simple generalisation of the area under the {ROC} curve for multiple class classification problems},
  author={Hand, David J and Till, Robert J},
  journal={Machine learning},
  volume={45},
  number={2},
  pages={171--186},
  year={2001},
  publisher={Springer}
}

